@misc{vaswani2023attentionneed,
      title={Attention Is All You Need}, 
      author={Ashish Vaswani and Noam Shazeer and Niki Parmar and Jakob Uszkoreit and Llion Jones and Aidan N. Gomez and Lukasz Kaiser and Illia Polosukhin},
      year={2023},
      eprint={1706.03762},
      archivePrefix={arXiv},
      primaryClass={cs.CL},
      url={https://arxiv.org/abs/1706.03762}, 
}

@misc{brown2020languagemodelsfewshotlearners,
      title={Language Models are Few-Shot Learners}, 
      author={Tom B. Brown and Benjamin Mann and Nick Ryder and Melanie Subbiah and Jared Kaplan and Prafulla Dhariwal and Arvind Neelakantan and Pranav Shyam and Girish Sastry and Amanda Askell and Sandhini Agarwal and Ariel Herbert-Voss and Gretchen Krueger and Tom Henighan and Rewon Child and Aditya Ramesh and Daniel M. Ziegler and Jeffrey Wu and Clemens Winter and Christopher Hesse and Mark Chen and Eric Sigler and Mateusz Litwin and Scott Gray and Benjamin Chess and Jack Clark and Christopher Berner and Sam McCandlish and Alec Radford and Ilya Sutskever and Dario Amodei},
      year={2020},
      eprint={2005.14165},
      archivePrefix={arXiv},
      primaryClass={cs.CL},
      url={https://arxiv.org/abs/2005.14165}, 
}

@article{radford2018improving,
  title={Improving language understanding by generative pre-training},
  author={Radford, Alec and Narasimhan, Karthik and Salimans, Tim and Sutskever, Ilya},
  year={2018}
}

@misc{merity2016pointer,
      title={Pointer Sentinel Mixture Models},
      author={Stephen Merity and Caiming Xiong and James Bradbury and Richard Socher},
      year={2016},
      eprint={1609.07843},
      archivePrefix={arXiv},
      primaryClass={cs.CL}
}
@misc{dao2022flashattentionfastmemoryefficientexact,
      title={FlashAttention: Fast and Memory-Efficient Exact Attention with IO-Awareness}, 
      author={Tri Dao and Daniel Y. Fu and Stefano Ermon and Atri Rudra and Christopher RÃ©},
      year={2022},
      eprint={2205.14135},
      archivePrefix={arXiv},
      primaryClass={cs.LG},
      url={https://arxiv.org/abs/2205.14135}, 
}

@article{ZHANG2025102883,
title = {A survey on potentials, pathways and challenges of large language models in new-generation intelligent manufacturing},
journal = {Robotics and Computer-Integrated Manufacturing},
volume = {92},
pages = {102883},
year = {2025},
issn = {0736-5845},
doi = {https://doi.org/10.1016/j.rcim.2024.102883},
url = {https://www.sciencedirect.com/science/article/pii/S0736584524001704},
author = {Chao Zhang and Qingfeng Xu and Yongrui Yu and Guanghui Zhou and Keyan Zeng and Fengtian Chang and Kai Ding},
}

@misc{urlana2024llmsindustriallensdeciphering,
      title={LLMs with Industrial Lens: Deciphering the Challenges and Prospects -- A Survey}, 
      author={Ashok Urlana and Charaka Vinayak Kumar and Ajeet Kumar Singh and Bala Mallikarjunarao Garlapati and Srinivasa Rao Chalamala and Rahul Mishra},
      year={2024},
      eprint={2402.14558},
      archivePrefix={arXiv},
      primaryClass={cs.CL},
      url={https://arxiv.org/abs/2402.14558}, 
}

@misc{liang2024mappingincreasingusellms,
      title={Mapping the Increasing Use of LLMs in Scientific Papers}, 
      author={Weixin Liang and Yaohui Zhang and Zhengxuan Wu and Haley Lepp and Wenlong Ji and Xuandong Zhao and Hancheng Cao and Sheng Liu and Siyu He and Zhi Huang and Diyi Yang and Christopher Potts and Christopher D Manning and James Y. Zou},
      year={2024},
      eprint={2404.01268},
      archivePrefix={arXiv},
      primaryClass={cs.CL},
      url={https://arxiv.org/abs/2404.01268}, 
}

